%% This BibTeX bibliography file was created using BibDesk.
%% http://bibdesk.sourceforge.net/
%% Group 36
%% Name: Kai Shi, Xu Zheng, Wen-yin Wang



@webpage{FuzzingMutation,
	Author = {Parul Garg},
	Date-Added = {2015-06-11 00:43:55 +0000},
	Date-Modified = {2015-06-11 00:43:55 +0000},
	Keywords = {Fuzzing, Mutation, Generation},
	Month = {January},
	Title = {Fuzzing Mutation vs. Generation},
	Url = {http://resources.infosecinstitute.com/fuzzing-mutation-vs-generation/},
	Year = {2012},
	Bdsk-Url-1 = {http://resources.infosecinstitute.com/fuzzing-mutation-vs-generation/}}

@article{Fuzzing,
	Author = {McNally, Richard and Ken Yiu},
	Date-Added = {2015-05-17 00:22:11 +0000},
	Date-Modified = {2015-05-17 00:22:35 +0000},
	Journal = {DSTO Defence Science and Technology Organisation},
	Keywords = {States Fuzzing},
	Publisher = {DSTO Defence Science and Technology Organisation},
	Title = {Fuzzing: The State of the Art},
	Year = {2012},
	Bdsk-Url-1 = {http://www.coyotus.com/repo/pdf/Fuzzing_the_art_of_state.pdf}}

@article{ReliabilityUnixTest,
	Author = {Duncan Grove and Damien Gerhardy},
	Date-Added = {2015-05-17 23:41:01 +0000},
	Date-Modified = {2015-05-17 00:00:48 +0000},
	Journal = {Communications of the ACM},
	Keywords = {Reliability Test},
	Month = {Dec.},
	Number = {12},
	Pages = {32-44},
	Title = {An Empirical Study of the Reliability of UNIX Utilities},
	Volume = {33},
	Year = {1990}}

@article{FuzzingArt,
	Author = {Jared, DeMott},
	Date-Added = {2015-05-17 22:14:11 +0000},
	Date-Modified = {2015-05-16 23:54:07 +0000},
	Keywords = {Fuzzing},
	Month = {June},
	Pages = {2-3},
	Title = {The Evolving Art of Fuzzing},
	Year = {2006}}


@article{FuzzingFuture,
	Author = {Ari Takanen},
	Date-Added = {2015-05-17 07:26:28 +0000},
	Date-Modified = {2015-05-17 07:32:50 +0000},
	Journal = {SSTIC'09},
	Title = {Fuzzing: the Past, the Present and the Future},
	Year = {2009}}


@article{FuzzingRisk,
	Author = {Jonathan Knudsen},
	Date-Added = {2015-05-17 21:52:55 +0000},
	Date-Modified = {2015-05-17 22:05:36 +0000},
	Journal = {Horizons},
	Title = {Practical Considerations Of Fuzzing: Generating Insight into Areas of Risk},
	Year = {2013}}

